@article{bst15,
  title = {Fast Parallel Fixed-Parameter Algorithms via Color Coding},
  author = {Max Bannach and Christoph Stockhusen and Till Tantau},
  journal = {arXiv},
  pubstate = {Preprint},
  url = {http://arxiv.org/abs/1509.06984},
  year = 2015
}

@article{ch85,
  author = {Stephen A. Cook and H. James Hoover},
  title = {A Depth-Universal Circuit},
  journal = {SIAM Journal on Computing},
  volume = 14,
  number = 4,
  pages = {833--839},
  year = 1985,
  doi = {10.1137/0214058}
}

@article{cc97,
  author = {Liming Cai and Jianer Chen},
  title = {On the Amount of Nondeterminism and the Power of Verifying},
  journal = {SIAM Journal on Computing},
  volume = 26,
  number = 3,
  pages = {733--750},
  year = 1997,
  doi = {10.1137/S0097539793258295}
}

@book{fg06,
  title = {Parameterized Complexity Theory},
  year = 2006,
  author = {Jörg Flum and Martin Grohe},
  doi = {10.1007/3-540-29953-X},
  isbn = {978-3-540-29952-3},
  series = {Texts in Theoretical Computer Science. An EATCS Series},
  publisher = {Springer Berlin Heidelberg}
}

@unpublished{grouprank,
  title = {Computing rank of finite algebraic structures with limited nondeterminism},
  author = {Jeffrey Finkelstein},
  year = 2016,
  note = {Unpublished manuscript},
  url = {http://cs-people.bu.edu/jeffreyf/#grouprank}
}

@article{bklm01,
  author = {David Mix Barrington and Peter Kadau and Klaus-Jörn Lange and Pierre McKenzie},
  title = {On the Complexity of Some Problems on Groups Input as Multiplication Tables},
  journal = {Journal of Computer and System Sciences},
  volume = 63,
  number = 2,
  pages = {186--200},
  year = 2001,
  issn = {0022-0000},
  doi = {10.1006/jcss.2001.1764},
}
